@masterthesis{Moo-93,
    author={Moore, John Thomas},
    title={A study of the {T}arskian hierarchy of languages},
    type={Master's thesis},
    institution={McMaster University},
    year={1993},
}
@reference{Bro-06,
    editor={Brown, Keith},
    title={Encyclopedia of language \& linguistics},
    publisher={Elsevier},
    year={2006},
    edition={2},
}
@inreference{All-06,
    author={Allan, Keith},
    title={Metalanguage versus object language},
    crossref={Bro-06},
    doi={https://doi.org/10.1016/B0-08-044854-2/01007-5},
}
@inreference{Ken-06,
    author={Kenyon, Tim},
    title={Paradoxes, semantic},
    crossref={Bro-06},
    doi={https://doi.org/10.1016/B0-08-044854-2/01209-8},
}
@book{Qui-81,
    author={Quine, Willard van Orman},
    title={Mathematical logic},
    publisher={Harvard University Press},
    year={1981},
    edition={Revised Edition},
}
@book{Lyc-19,
    author={Lycan, William G.},
    title={Philosophy of language: A contemporary introduction},
    publisher={Routledge},
    year={2019},
    edition={3},
}
